<?xml version="1.0" encoding="UTF-8"?><collection xmlns="http://www.loc.gov/MARC21/slim"><record><leader>00562nam--2200169-u-4500</leader><controlfield tag="001">000054720</controlfield><controlfield tag="002">20161230</controlfield><controlfield tag="005">20161230201051</controlfield><controlfield tag="008">120525s1000------------r-----000-0-eng-d</controlfield><datafield ind1=" " ind2=" " tag="040"><subfield code="a">IFIN-HH</subfield></datafield><datafield ind1=" " ind2=" " tag="080"><subfield code="a">539.172.3(043):539.2(043)</subfield></datafield><datafield ind1="1" ind2=" " tag="100"><subfield code="a">Sarkar, Debarbata</subfield></datafield><datafield ind1="1" ind2="0" tag="245"><subfield code="a">Magnetic anisotropy and hyperfine fields in amorphous and crystalline rare-earth-fe2 intermetallic materials</subfield><subfield code="b">Dissertation</subfield><subfield code="c">Debarbata sarkar</subfield></datafield><datafield ind1=" " ind2=" " tag="260"><subfield code="a">Ann Arbor, Michigan</subfield><subfield code="b">University Microfilms</subfield><subfield code="c">1973</subfield></datafield><datafield ind1=" " ind2=" " tag="300"><subfield code="a">71P</subfield></datafield><datafield ind1=" " ind2=" " tag="852"><subfield code="a">42460</subfield><subfield code="c">539.163.2</subfield></datafield><datafield ind1=" " ind2=" " tag="CAT"><subfield code="a">Sys</subfield><subfield code="c">20120525</subfield><subfield code="h">092020</subfield></datafield></record></collection>